@article{Dermeval2015,
  author  = {Dermeval, DiegoTEST and Vilela, J{\'{e}}ssyka and Bittencourt, Ig Ibert and Castro, Jaelson and Isotani, Seiji and Brito, Patrick and Silva, Alan},
  doi     = {10.1007/s00766-015-0222-6},
  isbn    = {0947-3602},
  issn    = {1432010X},
  journal = {Requirements Engineering},
  month   = {November},
  number  = {4},
  pages   = {405--437},
  title   = {{Applications of Ontologies in Requirements Engineering: A Systematic Review of the Literature}},
  volume  = {21},
  year    = {2015}
}

@book{pohl2016requirements,
  title     = {Requirements engineering fundamentals: a study guide for the certified professional for requirements engineering exam-foundation level-IREB compliant},
  author    = {Pohl, Klaus},
  year      = {2016},
  publisher = {Rocky Nook, Inc.}
}

@article{garcia2020training,
  title     = {Training astronauts using hardware-in-the-loop simulations and virtual reality},
  author    = {Garcia, Angelica D and Schlueter, Jonathan and Paddock, Eddie},
  booktitle = {AIAA Scitech 2020 Forum},
  pages     = {0167},
  year      = {2020}
}

@article{miralles2013onboard,
  title  = {An Onboard ISS Virtual Reality Trainer},
  author = {Miralles, Evelyn},
  year   = {2013}
}

@article{osterlund2012virtual,
  title     = {Virtual reality: Avatars in human spaceflight training},
  author    = {Osterlund, Jeffrey and Lawrence, Brad},
  journal   = {Acta Astronautica},
  volume    = {71},
  pages     = {139--150},
  year      = {2012},
  publisher = {Elsevier}
}

@article{moore201021st,
  title     = {21st Century extravehicular activities: Synergizing past and present training methods for future spacewalking success},
  author    = {Moore, Sandra K and Gast, Matthew A},
  journal   = {Acta Astronautica},
  volume    = {67},
  number    = {7-8},
  pages     = {739--752},
  year      = {2010},
  publisher = {Elsevier}
}